%%%%%%%%%%%%%% Dataset
@article{han2013localization,
  title={Localization algorithms of wireless sensor networks: a survey},
  author={Han, Guangjie and Xu, Huihui and Duong, Trung Q and Jiang, Jinfang and Hara, Takahiro},
  journal={Telecommunication Systems},
  volume={52},
  number={4},
  pages={2419--2436},
  year={2013},
  publisher={Springer}
}
@article{baodong2014hawkeye,
  title={Hawkeye technology using tennis match},
  author={Baodong, Yan},
  journal={Computer Modelling and New Technologies},
  volume={18},
  pages={400--402},
  year={2014}
}

@article{chao2016tennis,
  title={Tennis Hawkeye system based on LabVIEW platform},
  author={Chao, CHANG},
  journal={Modern Electronics Technique},
  number={3},
  pages={29},
  year={2016}
}

@article{gangal2007hawkeye,
  title={The hawkeye technology},
  author={Gangal, Shantanu and Raje, Sangram},
  journal={Computer Science and Engineering (CSE) Department, Indian Institute of Technology, Bombay},
  year={2007}
}

@article{lai2007study,
  title={Study on the Effects of" Hawk-eye" on Development of Tennis [J]},
  author={Lai, Qian and Yu-ling, Zou},
  journal={Journal of Guangzhou Sport University},
  volume={3},
  year={2007}
}

%%%%% RSSI:
@article{yaghoubi2014energy,
  title={Energy-efficient RSSI-based localization for wireless sensor networks},
  author={Yaghoubi, Forough and Abbasfar, Ali-Azam and Maham, Behrouz},
  journal={IEEE Communications Letters},
  volume={18},
  number={6},
  pages={973--976},
  year={2014},
  publisher={IEEE}
}

@inproceedings{mistry2015rssi,
  title={RSSI based localization scheme in wireless sensor networks: a survey},
  author={Mistry, Hetal P and Mistry, Nital H},
  booktitle={2015 Fifth International Conference on Advanced Computing \& Communication Technologies},
  pages={647--652},
  year={2015},
  organization={IEEE}
}

@inproceedings{laaraiedh2011comparison,
  title={Comparison of hybrid localization schemes using RSSI, TOA, and TDOA},
  author={Laaraiedh, Mohamed and Yu, Lei and Avrillon, Stephane and Uguen, Bernard},
  booktitle={17th European Wireless 2011-Sustainable Wireless Technologies},
  pages={1--5},
  year={2011},
  organization={VDE}
}

%%%%%% RNN & LSTM:
@article{smagulova2019survey,
  title={A survey on LSTM memristive neural network architectures and applications},
  author={Smagulova, Kamilya and James, Alex Pappachen},
  journal={The European Physical Journal Special Topics},
  volume={228},
  number={10},
  pages={2313--2324},
  year={2019},
  publisher={Springer}
}

@inproceedings{tsai2018air,
  title={Air pollution forecasting using RNN with LSTM},
  author={Tsai, Yi-Ting and Zeng, Yu-Ren and Chang, Yue-Shan},
  booktitle={2018 IEEE 16th Intl Conf on Dependable, Autonomic and Secure Computing, 16th Intl Conf on Pervasive Intelligence and Computing, 4th Intl Conf on Big Data Intelligence and Computing and Cyber Science and Technology Congress (DASC/PiCom/DataCom/CyberSciTech)},
  pages={1074--1079},
  year={2018},
  organization={IEEE}
}

%%%%%%%%这个是RNN和LSTM结构图的来源
@article{tarwani2017survey,
  title={Survey on recurrent neural network in natural language processing},
  author={Tarwani, Kanchan M and Edem, Swathi},
  journal={Int. J. Eng. Trends Technol},
  volume={48},
  pages={301--304},
  year={2017}
}

@article{sahoo2019long,
  title={Long short-term memory (LSTM) recurrent neural network for low-flow hydrological time series forecasting},
  author={Sahoo, Bibhuti Bhusan and Jha, Ramakar and Singh, Anshuman and Kumar, Deepak},
  journal={Acta Geophysica},
  volume={67},
  number={5},
  pages={1471--1481},
  year={2019},
  publisher={Springer}
}
%%%%%%%MLP：
@incollection{taud2018multilayer,
  title={Multilayer perceptron (MLP)},
  author={Taud, H and Mas, JF},
  booktitle={Geomatic Approaches for Modeling Land Change Scenarios},
  pages={451--455},
  year={2018},
  publisher={Springer}
}

@inproceedings{balakrishnan2005multilayer,
  title={Multilayer perceptrons for the classification of brain computer interface data},
  author={Balakrishnan, Divya and Puthusserypady, Sadasivan},
  booktitle={Proceedings of the IEEE 31st Annual Northeast Bioengineering Conference, 2005.},
  pages={118--119},
  year={2005},
  organization={IEEE}
}

%%%%%% ToA：
@inproceedings{kaune2012accuracy,
  title={Accuracy studies for TDOA and TOA localization},
  author={Kaune, Regina},
  booktitle={2012 15th International Conference on Information Fusion},
  pages={408--415},
  year={2012},
  organization={IEEE}
}

%%%%%% SVM：
@article{huang2018applications,
  title={Applications of support vector machine (SVM) learning in cancer genomics},
  author={Huang, Shujun and Cai, Nianguang and Pacheco, Pedro Penzuti and Narrandes, Shavira and Wang, Yang and Xu, Wayne},
  journal={Cancer Genomics-Proteomics},
  volume={15},
  number={1},
  pages={41--51},
  year={2018},
  publisher={International Institute of Anticancer Research}
}
@misc{wiki:xxx,
    author = "{Wikipedia contributors}",
    title = "Tennis --- {Wikipedia}{,} The Free Encyclopedia",
    year = "2020",
    howpublished = "\url{https://en.wikipedia.org/w/index.php?title=Tennis&oldid=973071992}",
    note = "[Online; accessed 16-August-2020]"
  }


@article{kingma2014adam,
  title={Adam: A method for stochastic optimization},
  author={Kingma, Diederik P and Ba, Jimmy},
  journal={arXiv preprint arXiv:1412.6980},
  year={2014}
}
